@article{singh2007Estimating,
    author = {Sawan Singh},
    title = {Estimating Speed, Velocity, Acceleration and Angle Using Image Addition Method},
    journal = {International Journal of Innovative Research in Computer and Communication Engineering},
    year = {2015},
    month = {11},
    volume = {3},
    pages = {11585-11589},
    doi = {10.15680/IJIRCCE.2015}
}

@misc{welch1995introduction,
  title={An introduction to the Kalman filter},
  author={Welch, Greg and Bishop, Gary and others},
  year={1995},
  publisher={Citeseer}
}

@INPROCEEDINGS{YOLO,
  author={Redmon, Joseph and Divvala, Santosh and Girshick, Ross and Farhadi, Ali},
  booktitle={2016 IEEE Conference on Computer Vision and Pattern Recognition (CVPR)}, 
  title={You Only Look Once: Unified, Real-Time Object Detection}, 
  year={2016},
  volume={},
  number={},
  pages={779-788},
  doi={10.1109/CVPR.2016.91}
}

@ARTICLE{Yang2019Vehicle,
  author={Yang, Lei and Li, Menglong and Song, Xiaowei and Xiong, Zixiang and Hou, Chunping and Qu, Boyang},
  journal={IEEE Access}, 
  title={Vehicle Speed Measurement Based on Binocular Stereovision System}, 
  year={2019},
  volume={7},
  number={},
  pages={106628-106641},
  doi={10.1109/ACCESS.2019.2932120}
}

@article{moritz2018Camera,
    author = {Moritz Kampelmuhler, Michael G. Muller and Christoph Feichtenhofer},
    title = {Camera-based vehicle velocity estimation from monocular video},
    journal = {Institute of Electrical Measurement and Measurement Signal Processing},
    year = {2018}
}
@article{1,
  title={Traffic signs detection and recognition system using deep learning},
  author={Zaki, Pavly Salah and William, Marco Magdy and Soliman, Bolis Karam and Alexsan, Kerolos Gamal and Khalil, Keroles and El-Moursy, Magdy},
  journal={arXiv preprint arXiv:2003.03256},
  year={2020}
}
@article{3,
  title={Conductas de riesgo al conducir un autom{\'o}vil en zonas urbanas del sur de Tamaulipas y la Ciudad de M{\'e}xico},
  author={Carro-P{\'e}rez, Ennio H{\'e}ctor and Ampudia-Rueda, Amada},
  journal={CienciaUAT},
  volume={13},
  number={2},
  pages={100--112},
  year={2019},
  publisher={Universidad Aut{\'o}noma de Tamaulipas}
}
@article{4,
  title={Siniestralidad vial en la frontera norte de Tamaulipas. Enfoque en los procesos administrativos de control},
  author={Vel{\'a}zquez Narv{\'a}ez, Yolanda and Zamorano Gonz{\'a}lez, Benito and Ru{\'\i}z Ramos, Luc{\'\i}a},
  journal={Estudios fronterizos},
  volume={18},
  number={36},
  pages={1--24},
  year={2017},
  publisher={Universidad Aut{\'o}noma de Baja California}
}
@article{5,
  title={SpeedTalker: Automobile Speed Estimation via Mobile Phones},
  author={Lu, Xinran and Xie, Lei and Yin, Yafeng and Wang, Wei and Bu, Yanling and Guo, Qing and Lu, Sanglu},
  journal={IEEE Transactions on Mobile Computing},
  year={2020},
  publisher={IEEE}
}
@inproceedings{6,
  title={A Low-Power Low-Cost High-Speed 2D/3D Camera for Virtual Reality Headsets Mobile Devices and Automobiles},
  author={Wang, Yibing M and Ovsiannikov, Ilia and You, Jang-Woo and Deane, Peter and Smits, Dirk and Park, Yong-Hwa and Niesten, Maarten and Hwang, Sungwoo and Chung, Chilhee},
  booktitle={Proc. 2017 International Image Sensor Workshopâ€”R28 (IISW 2017)},
  year={2017}
}
@article{7,
  title={Vehicular traffic congestion classification by visual features and deep learning approaches: a comparison},
  author={Impedovo, Donato and Balducci, Fabrizio and Dentamaro, Vincenzo and Pirlo, Giuseppe},
  journal={Sensors},
  volume={19},
  number={23},
  pages={5213},
  year={2019},
  publisher={Multidisciplinary Digital Publishing Institute}
}
@article{singh2007Estimating,
    author = {Sawan Singh},
    title = {Estimating Speed, Velocity, Acceleration and Angle Using Image Addition Method},
    journal = {International Journal of Innovative Research in Computer and Communication Engineering},
    year = {2015},
    month = {11},
    volume = {3},
    pages = {11585-11589},
    doi = {10.15680/IJIRCCE.2015}
}

@misc{welch1995introduction,
  title={An introduction to the Kalman filter},
  author={Welch, Greg and Bishop, Gary and others},
  year={1995},
  publisher={Citeseer}
}

@INPROCEEDINGS{YOLO,
  author={Redmon, Joseph and Divvala, Santosh and Girshick, Ross and Farhadi, Ali},
  booktitle={2016 IEEE Conference on Computer Vision and Pattern Recognition (CVPR)}, 
  title={You Only Look Once: Unified, Real-Time Object Detection}, 
  year={2016},
  volume={},
  number={},
  pages={779-788},
  doi={10.1109/CVPR.2016.91}
}

@ARTICLE{Yang2019Vehicle,
  author={Yang, Lei and Li, Menglong and Song, Xiaowei and Xiong, Zixiang and Hou, Chunping and Qu, Boyang},
  journal={IEEE Access}, 
  title={Vehicle Speed Measurement Based on Binocular Stereovision System}, 
  year={2019},
  volume={7},
  number={},
  pages={106628-106641},
  doi={10.1109/ACCESS.2019.2932120}
}
@inproceedings{jjj,
  title={Deep learning for self-driving cars: Chances and challenges},
  author={Rao, Qing and Frtunikj, Jelena},
  booktitle={Proceedings of the 1st International Workshop on Software Engineering for AI in Autonomous Systems},
  pages={35--38},
  year={2018}
}
@article{aaa,
  title={Vehicle type detection based on deep learning in traffic scene},
  author={Suhao, Li and Jinzhao, Lin and Guoquan, Li and Tong, Bai and Huiqian, Wang and Yu, Pang},
  journal={Procedia computer science},
  volume={131},
  pages={564--572},
  year={2018},
  publisher={Elsevier}
}

@article{zhenbo_jia_ton_hon,
  author={Burnett, Keenan and Samavi, Sepehr and Waslander, Steven and Barfoot, Timothy and Schoellig, Angela},
  booktitle={2019 16th Conference on Computer and Robot Vision (CRV)}, 
  title={aUToTrack: A Lightweight Object Detection and Tracking System for the SAE AutoDrive Challenge}, 
  year={2019},
  pages={209-216},
  doi={10.1109/CRV.2019.00036}
}

